% This file was created with JabRef 2.10.
% Encoding: Cp1252


@Booklet{SE-book,
  Title                    = {Systems engineering exercises and teaching materials},
  Author                   = {Rune Hylsberg Jacobsen},
  Month                    = {January},
  Year                     = {2014}
}

@ONLINE{Tricascade:2009:Online,
title = {TRI CASCADE BUSINESS DEVELOPMENT - \uppercase{L}EADERS IN SMART ENERGY IN-HOME MANAGEMENT},
month = december,
year = {2014},
note = {\url{http://www.tricascade.com/?page_id=62}}
}